@article{greaneyAnomalousDissipationSinglewalled2009,
  title    = {Anomalous Dissipation in Single-Walled Carbon Nanotube Resonators},
  author   = {Greaney, P. Alex and Lani, Giovanna and Cicero, Giancarlo and Grossman, Jeffrey C.},
  year     = {2009},
  month    = nov,
  journal  = {Nano Lett},
  volume   = {9},
  number   = {11},
  pages    = {3699--3703},
  issn     = {1530-6992},
  doi      = {10.1021/nl901706y},
  langid   = {english},
  pmid     = {19863081},
  keywords = {star}
}

@article{kongPhononDispersionMeasured2011,
  title   = {Phonon Dispersion Measured Directly from Molecular Dynamics Simulations},
  author  = {Kong, Ling Ti},
  year    = {2011},
  month   = oct,
  journal = {Computer Physics Communications},
  volume  = {182},
  number  = {10},
  pages   = {2201--2207},
  issn    = {0010-4655},
  doi     = {10.1016/j.cpc.2011.04.019},
  langid  = {english}
}


@inproceedings{tussyadiah2015hotels,
  author       = {Tussyadiah, Iis and Zach, Florian},
  title        = {Hotels vs. peer-to-peer accommodation rentals: Text analytics of consumer reviews in Portland, Oregon},
  booktitle    = {Proceedings of 2015 TTRA International Conference},
  year         = {2015},
  address      = {Whitehall, MI, USA},
  organization = {Travel and Tourism Research Association},
  publisher    = {TTRA}
}